@article{khan2014computer,
  title     = {A computer vision framework for finger-tapping evaluation in Parkinson's disease},
  author    = {Khan, Taha and Nyholm, Dag and Westin, Jerker and Dougherty, Mark},
  journal   = {Artificial intelligence in medicine},
  volume    = {60},
  number    = {1},
  pages     = {27--40},
  year      = {2014},
  publisher = {Elsevier}
}

@article{williams2020discerning,
  title     = {The discerning eye of computer vision: Can it measure Parkinson's finger tap bradykinesia?},
  author    = {Williams, Stefan and Zhao, Zhibin and Hafeez, Awais and Wong, David C and Relton, Samuel D and Fang, Hui and Alty, Jane E},
  journal   = {Journal of the Neurological Sciences},
  volume    = {416},
  pages     = {117003},
  year      = {2020},
  publisher = {Elsevier}
}

@article{williams2020supervised,
  title     = {Supervised classification of bradykinesia in Parkinsonâ€™s disease from smartphone videos},
  author    = {Williams, Stefan and Relton, Samuel D and Fang, Hui and Alty, Jane and Qahwaji, Rami and Graham, Christopher D and Wong, David C},
  journal   = {Artificial Intelligence in Medicine},
  volume    = {110},
  pages     = {101966},
  year      = {2020},
  publisher = {Elsevier}
}

@inproceedings{jaber2021proposing,
  title        = {Proposing a Three-Stage Model to Quantify Bradykinesia on a Symptom Severity Level Using Deep Learning},
  author       = {Jaber, R and Qahwaji, Rami and Abdullatif, Amr and Buckley, J and Abd-Alhameed, Raed},
  booktitle    = {UK Workshop on Computational Intelligence},
  pages        = {428--438},
  year         = {2021},
  organization = {Springer}
}

@misc{OpenHubVCS,
  title = {{MS Windows NT} Kernel Description},
  author = {OpenHub},
  howpublished = {\url{https://www.openhub.net/repositories/compare}},
  note = {Accessed: 2023-03-13}
}

@article{zhang2020mediapipe,
  title={Mediapipe hands: On-device real-time hand tracking},
  author={Zhang, Fan and Bazarevsky, Valentin and Vakunov, Andrey and Tkachenka, Andrei and Sung, George and Chang, Chuo-Ling and Grundmann, Matthias},
  journal={arXiv preprint arXiv:2006.10214},
  year={2020}
}

@article{christ2018time,
  title={Time series feature extraction on basis of scalable hypothesis tests (tsfresh--a python package)},
  author={Christ, Maximilian and Braun, Nils and Neuffer, Julius and Kempa-Liehr, Andreas W},
  journal={Neurocomputing},
  volume={307},
  pages={72--77},
  year={2018},
  publisher={Elsevier}
}
